\usepackage{url}

@book{fossheim04,
  address = {Chichester, West Sussex},
  title={Superconductivity: Physics and Applications},
  author={Fossheim, K. and Sudboe, A.},
  isbn={9780470844526},
  lccn={2004002271},
  year={2004},
  publisher={Wiley}
}

@Article{Meissner33,
author="Meissner, W.
and Ochsenfeld, R.",
title="Ein neuer Effekt bei Eintritt der Supraleitf{\"a}higkeit",
journal="Naturwissenschaften",
year="1933",
volume="21",
number="44",
pages="787--788",
issn="1432-1904",
doi="10.1007/BF01504252",
url="http://dx.doi.org/10.1007/BF01504252"
}

@article{MeissnerTrans83,
  author={A M Forrest},
  title={Meissner and Ochsenfeld revisited},
  journal={European Journal of Physics},
  volume={4},
  number={2},
  pages={117},
  url={http://stacks.iop.org/0143-0807/4/i=2/a=011},
  year={1983},
}

@article{BCS57,
  title = {Theory of Superconductivity},
  author = {Bardeen, J. and Cooper, L. N. and Schrieffer, J. R.},
  journal = {Phys. Rev.},
  volume = {108},
  issue = {5},
  pages = {1175--1204},
  numpages = {0},
  year = {1957},
  month = {Dec},
  publisher = {American Physical Society},
  doi = {10.1103/PhysRev.108.1175},
  url = {http://link.aps.org/doi/10.1103/PhysRev.108.1175}
}


@article{andreev64,
    title = {The Thermal Conductivity of the Intermediate State in Superconductors},
    author = {Andreev, A. F.},
    journal = {Sov. Phys. JETP},
    volume = {19},
    issue = {5},
    pages = {1228 -- 1231},
    numpages = {0},
    year = {1964},
    month = {Nov},
    url = {http://www.jetp.ac.ru/cgi-bin/e/index/e/19/5/p1228?a=list}
}
    
@article {London71,
	author = {London, F. and London, H.},
	title = {The Electromagnetic Equations of the Supraconductor},
	volume = {149},
	number = {866},
	pages = {71--88},
	year = {1935},
	doi = {10.1098/rspa.1935.0048},
	publisher = {The Royal Society},
	issn = {0080-4630},
	URL = {http://rspa.royalsocietypublishing.org/content/149/866/71},
	eprint = {http://rspa.royalsocietypublishing.org/content/149/866/71.full.pdf},
	journal = {Proceedings of the Royal Society of London A: Mathematical, Physical and Engineering Sciences}
}

@article{BdG,
  title = {Boundary Effects in Superconductors},
  author = {de Gennes, P. G.},
  journal = {Rev. Mod. Phys.},
  volume = {36},
  issue = {1},
  pages = {225--237},
  numpages = {0},
  year = {1964},
  month = {Jan},
  publisher = {American Physical Society},
  doi = {10.1103/RevModPhys.36.225},
  url = {http://link.aps.org/doi/10.1103/RevModPhys.36.225}
}


@article{josephson62,
title = "Possible new effects in superconductive tunnelling",
journal = "Physics Letters",
volume = "1",
number = "7",
pages = "251 - 253",
year = "1962",
note = "",
issn = "0031-9163",
doi = "http://dx.doi.org/10.1016/0031-9163(62)91369-0",
url = "http://www.sciencedirect.com/science/article/pii/0031916362913690",
author = "B. D. Josephson",

}


@article{BTK82,
  title = {Transition from metallic to tunneling regimes in superconducting microconstrictions: Excess current, charge imbalance, and supercurrent conversion},
  author = {Blonder, G. E. and Tinkham, M. and Klapwijk, T. M.},
  journal = {Phys. Rev. B},
  volume = {25},
  issue = {7},
  pages = {4515--4532},
  numpages = {0},
  year = {1982},
  month = {Apr},
  publisher = {American Physical Society},
  doi = {10.1103/PhysRevB.25.4515},
  url ={ http://link.aps.org/doi/10.1103/PhysRevB.25.4515}
}



